Trade_Time,Price_USD,Volume_BTC,Symbol
2025-09-30 00:02:56.989,114206.2,0.001,BTCUSDT
2025-09-30 00:02:57.126,114206.2,0.001,BTCUSDT
2025-09-30 00:02:57.764,114206.2,0.001,BTCUSDT
2025-09-30 00:02:57.806,114206.2,0.001,BTCUSDT
2025-09-30 00:02:57.902,114206.1,0.022,BTCUSDT
2025-09-30 00:02:58.020,114206.2,0.017,BTCUSDT
2025-09-30 00:02:58.029,114206.1,0.002,BTCUSDT
2025-09-30 00:02:58.170,114206.1,0.031,BTCUSDT
2025-09-30 00:02:58.172,114206.1,0.009,BTCUSDT
2025-09-30 00:02:58.522,114206.2,0.016,BTCUSDT
2025-09-30 00:02:58.617,114206.1,0.002,BTCUSDT
2025-09-30 00:02:58.721,114206.1,4.013,BTCUSDT
2025-09-30 00:02:58.721,114206.1,0.001,BTCUSDT
2025-09-30 00:02:58.721,114206.1,0.033,BTCUSDT
2025-09-30 00:02:58.721,114206.1,0.022,BTCUSDT
2025-09-30 00:02:58.721,114206.1,0.082,BTCUSDT
2025-09-30 00:02:58.721,114206.1,0.054,BTCUSDT
2025-09-30 00:02:58.721,114206.1,0.001,BTCUSDT
2025-09-30 00:02:58.721,114206.1,0.001,BTCUSDT
2025-09-30 00:02:58.721,114206.1,0.055,BTCUSDT
2025-09-30 00:02:58.721,114206.1,0.024,BTCUSDT
2025-09-30 00:02:58.721,114206.1,0.001,BTCUSDT
2025-09-30 00:02:58.721,114206.1,0.002,BTCUSDT
2025-09-30 00:02:58.721,114206.1,0.003,BTCUSDT
2025-09-30 00:02:58.721,114206.1,0.087,BTCUSDT
2025-09-30 00:02:58.721,114206.1,0.087,BTCUSDT
2025-09-30 00:02:58.721,114206.1,0.239,BTCUSDT
2025-09-30 00:02:58.721,114206.1,0.002,BTCUSDT
2025-09-30 00:02:58.721,114206.1,0.001,BTCUSDT
2025-09-30 00:02:58.721,114206.1,0.057,BTCUSDT
2025-09-30 00:02:58.721,114206.1,0.016,BTCUSDT
2025-09-30 00:02:58.721,114206.1,0.001,BTCUSDT
2025-09-30 00:02:58.721,114206.1,0.185,BTCUSDT
2025-09-30 00:02:58.721,114206.1,0.001,BTCUSDT
2025-09-30 00:02:58.721,114206.1,0.002,BTCUSDT
2025-09-30 00:02:58.721,114206.1,0.002,BTCUSDT
2025-09-30 00:02:58.721,114206.1,0.002,BTCUSDT
2025-09-30 00:02:58.721,114206.1,0.002,BTCUSDT
2025-09-30 00:02:58.721,114206.1,0.016,BTCUSDT
2025-09-30 00:02:58.721,114206.1,0.062,BTCUSDT
2025-09-30 00:02:58.721,114206.1,0.046,BTCUSDT
2025-09-30 00:02:58.721,114206.1,0.026,BTCUSDT
2025-09-30 00:02:58.721,114206.1,0.002,BTCUSDT
2025-09-30 00:02:58.721,114206.1,0.007,BTCUSDT
2025-09-30 00:02:58.721,114206.1,0.002,BTCUSDT
2025-09-30 00:02:58.721,114206.1,0.002,BTCUSDT
2025-09-30 00:02:58.721,114206.1,0.002,BTCUSDT
2025-09-30 00:02:58.721,114206.1,0.013,BTCUSDT
2025-09-30 00:02:58.721,114206.1,0.002,BTCUSDT
2025-09-30 00:02:58.721,114206.1,0.005,BTCUSDT
2025-09-30 00:02:58.721,114206.1,0.006,BTCUSDT
2025-09-30 00:02:58.721,114206.1,0.016,BTCUSDT
2025-09-30 00:02:58.721,114206.1,0.003,BTCUSDT
2025-09-30 00:02:58.721,114206.1,0.003,BTCUSDT
2025-09-30 00:02:58.721,114206.1,0.002,BTCUSDT
2025-09-30 00:02:58.721,114206.1,0.01,BTCUSDT
2025-09-30 00:02:58.721,114206.1,0.083,BTCUSDT
2025-09-30 00:02:58.721,114206.1,0.003,BTCUSDT
2025-09-30 00:02:58.721,114206.1,0.003,BTCUSDT
2025-09-30 00:02:58.721,114206.1,0.004,BTCUSDT
2025-09-30 00:02:58.721,114206.1,0.001,BTCUSDT
2025-09-30 00:02:58.721,114206.1,0.002,BTCUSDT
2025-09-30 00:02:58.721,114206.1,0.012,BTCUSDT
2025-09-30 00:02:58.721,114206.1,0.008,BTCUSDT
2025-09-30 00:02:58.721,114206.1,0.042,BTCUSDT
2025-09-30 00:02:58.721,114206.1,0.009,BTCUSDT
2025-09-30 00:02:58.721,114206.1,0.009,BTCUSDT
2025-09-30 00:02:58.721,114206.1,0.004,BTCUSDT
2025-09-30 00:02:58.721,114206.1,0.029,BTCUSDT
2025-09-30 00:02:58.721,114206.1,0.001,BTCUSDT
2025-09-30 00:02:58.721,114206.1,0.065,BTCUSDT
2025-09-30 00:02:58.721,114206.1,0.008,BTCUSDT
2025-09-30 00:02:58.721,114206.1,0.199,BTCUSDT
2025-09-30 00:02:58.721,114206.1,0.002,BTCUSDT
2025-09-30 00:02:58.721,114206.1,0.006,BTCUSDT
2025-09-30 00:02:58.721,114206.0,0.001,BTCUSDT
2025-09-30 00:02:58.721,114206.0,0.001,BTCUSDT
2025-09-30 00:02:58.721,114206.0,0.001,BTCUSDT
2025-09-30 00:02:58.721,114206.0,0.338,BTCUSDT
2025-09-30 00:02:58.721,114206.0,0.18,BTCUSDT
2025-09-30 00:02:58.721,114206.0,0.158,BTCUSDT
2025-09-30 00:02:58.721,114206.0,0.335,BTCUSDT
2025-09-30 00:02:58.721,114206.0,0.26,BTCUSDT
2025-09-30 00:02:58.722,114206.0,0.002,BTCUSDT
2025-09-30 00:02:58.722,114206.0,0.054,BTCUSDT
2025-09-30 00:02:58.722,114206.0,0.002,BTCUSDT
2025-09-30 00:02:58.722,114206.0,0.007,BTCUSDT
2025-09-30 00:02:58.722,114206.0,0.002,BTCUSDT
2025-09-30 00:02:58.722,114206.0,0.002,BTCUSDT
2025-09-30 00:02:58.722,114206.0,0.259,BTCUSDT
2025-09-30 00:02:58.722,114206.0,0.075,BTCUSDT
2025-09-30 00:02:58.776,114206.0,0.187,BTCUSDT
2025-09-30 00:02:58.776,114206.0,0.121,BTCUSDT
2025-09-30 00:02:58.776,114206.0,0.001,BTCUSDT
2025-09-30 00:02:58.776,114206.0,0.054,BTCUSDT
2025-09-30 00:02:58.776,114206.0,0.003,BTCUSDT
2025-09-30 00:02:58.776,114206.0,0.259,BTCUSDT
2025-09-30 00:02:58.776,114206.0,0.011,BTCUSDT
2025-09-30 00:02:58.776,114206.0,0.026,BTCUSDT
2025-09-30 00:02:58.777,114206.0,0.233,BTCUSDT
2025-09-30 00:02:58.777,114206.0,0.001,BTCUSDT
2025-09-30 00:02:58.777,114206.0,0.001,BTCUSDT
2025-09-30 00:02:58.777,114206.0,0.001,BTCUSDT
2025-09-30 00:02:58.777,114206.0,0.006,BTCUSDT
2025-09-30 00:02:58.777,114206.0,0.001,BTCUSDT
2025-09-30 00:02:58.777,114206.0,0.002,BTCUSDT
2025-09-30 00:02:58.777,114206.0,0.063,BTCUSDT
2025-09-30 00:02:58.777,114206.0,0.002,BTCUSDT
2025-09-30 00:02:58.777,114206.0,0.032,BTCUSDT
2025-09-30 00:02:58.777,114206.0,0.008,BTCUSDT
2025-09-30 00:02:58.777,114205.9,0.002,BTCUSDT
2025-09-30 00:02:58.777,114205.9,0.001,BTCUSDT
2025-09-30 00:02:58.777,114205.9,0.001,BTCUSDT
2025-09-30 00:02:58.777,114205.5,0.002,BTCUSDT
2025-09-30 00:02:58.781,114205.2,0.002,BTCUSDT
2025-09-30 00:02:58.781,114205.2,0.001,BTCUSDT
2025-09-30 00:02:58.781,114205.1,0.001,BTCUSDT
2025-09-30 00:02:58.781,114204.9,0.001,BTCUSDT
2025-09-30 00:02:58.781,114204.7,0.002,BTCUSDT
2025-09-30 00:02:58.781,114204.6,0.001,BTCUSDT
2025-09-30 00:02:58.781,114204.2,0.001,BTCUSDT
2025-09-30 00:02:58.781,114204.1,0.002,BTCUSDT
2025-09-30 00:02:58.781,114204.1,0.002,BTCUSDT
2025-09-30 00:02:58.781,114203.9,0.002,BTCUSDT
2025-09-30 00:02:58.781,114203.8,0.001,BTCUSDT
2025-09-30 00:02:58.781,114203.4,0.002,BTCUSDT
2025-09-30 00:02:58.781,114203.1,0.002,BTCUSDT
2025-09-30 00:02:58.781,114203.1,0.001,BTCUSDT
2025-09-30 00:02:58.781,114202.9,0.002,BTCUSDT
2025-09-30 00:02:58.781,114202.6,0.001,BTCUSDT
2025-09-30 00:02:58.781,114202.4,0.002,BTCUSDT
2025-09-30 00:02:58.781,114202.3,0.002,BTCUSDT
2025-09-30 00:02:58.781,114202.1,0.026,BTCUSDT
2025-09-30 00:02:58.781,114201.9,0.002,BTCUSDT
2025-09-30 00:02:58.781,114201.9,0.003,BTCUSDT
2025-09-30 00:02:58.781,114201.8,0.002,BTCUSDT
2025-09-30 00:02:58.781,114201.7,0.001,BTCUSDT
2025-09-30 00:02:58.781,114201.7,0.001,BTCUSDT
2025-09-30 00:02:58.781,114201.7,0.002,BTCUSDT
2025-09-30 00:02:58.781,114201.6,0.001,BTCUSDT
2025-09-30 00:02:58.781,114201.6,0.002,BTCUSDT
2025-09-30 00:02:58.783,114201.3,0.034,BTCUSDT
2025-09-30 00:02:58.783,114201.3,0.001,BTCUSDT
2025-09-30 00:02:58.783,114201.3,0.001,BTCUSDT
2025-09-30 00:02:58.784,114201.1,0.005,BTCUSDT
2025-09-30 00:02:58.784,114200.8,0.002,BTCUSDT
2025-09-30 00:02:58.784,114200.6,0.002,BTCUSDT
2025-09-30 00:02:58.784,114200.6,0.002,BTCUSDT
2025-09-30 00:02:58.784,114200.4,0.002,BTCUSDT
2025-09-30 00:02:58.784,114200.4,0.01,BTCUSDT
2025-09-30 00:02:58.784,114200.4,0.008,BTCUSDT
2025-09-30 00:02:58.784,114200.3,0.001,BTCUSDT
2025-09-30 00:02:58.784,114200.3,0.06,BTCUSDT
2025-09-30 00:02:58.789,114200.1,0.001,BTCUSDT
2025-09-30 00:02:58.789,114200.1,0.001,BTCUSDT
2025-09-30 00:02:58.789,114200.0,0.001,BTCUSDT
2025-09-30 00:02:58.789,114200.0,0.001,BTCUSDT
2025-09-30 00:02:58.789,114200.0,0.002,BTCUSDT
2025-09-30 00:02:58.789,114200.0,0.001,BTCUSDT
2025-09-30 00:02:58.789,114199.8,0.001,BTCUSDT
2025-09-30 00:02:58.789,114199.7,0.002,BTCUSDT
2025-09-30 00:02:58.789,114199.5,0.002,BTCUSDT
2025-09-30 00:02:58.789,114199.5,0.002,BTCUSDT
2025-09-30 00:02:58.789,114199.3,0.002,BTCUSDT
2025-09-30 00:02:58.789,114199.2,0.001,BTCUSDT
2025-09-30 00:02:58.789,114199.2,0.005,BTCUSDT
2025-09-30 00:02:58.789,114198.9,0.001,BTCUSDT
2025-09-30 00:02:58.799,114198.8,0.002,BTCUSDT
2025-09-30 00:02:58.799,114198.8,0.001,BTCUSDT
2025-09-30 00:02:58.799,114198.8,0.001,BTCUSDT
2025-09-30 00:02:58.799,114198.8,0.001,BTCUSDT
2025-09-30 00:02:58.799,114198.8,0.004,BTCUSDT
2025-09-30 00:02:58.799,114198.8,0.026,BTCUSDT
2025-09-30 00:02:58.799,114198.8,0.038,BTCUSDT
2025-09-30 00:02:58.802,114198.8,0.023,BTCUSDT
2025-09-30 00:02:58.802,114198.8,0.002,BTCUSDT
2025-09-30 00:02:58.802,114198.8,0.001,BTCUSDT
2025-09-30 00:02:58.802,114198.8,0.001,BTCUSDT
2025-09-30 00:02:58.802,114198.7,0.001,BTCUSDT
2025-09-30 00:02:58.802,114198.7,0.001,BTCUSDT
2025-09-30 00:02:58.802,114198.4,0.002,BTCUSDT
2025-09-30 00:02:58.802,114198.4,0.001,BTCUSDT
2025-09-30 00:02:58.802,114198.4,0.002,BTCUSDT
2025-09-30 00:02:58.802,114198.3,0.001,BTCUSDT
2025-09-30 00:02:58.802,114198.0,0.002,BTCUSDT
2025-09-30 00:02:58.802,114197.6,0.001,BTCUSDT
2025-09-30 00:02:58.802,114197.4,0.002,BTCUSDT
2025-09-30 00:02:58.802,114197.2,0.002,BTCUSDT
2025-09-30 00:02:58.802,114197.1,0.002,BTCUSDT
2025-09-30 00:02:58.809,114196.6,0.002,BTCUSDT
2025-09-30 00:02:58.809,114196.6,0.001,BTCUSDT
2025-09-30 00:02:58.809,114196.6,0.001,BTCUSDT
2025-09-30 00:02:58.809,114196.6,0.001,BTCUSDT
2025-09-30 00:02:58.809,114196.6,0.001,BTCUSDT
2025-09-30 00:02:58.809,114196.6,0.001,BTCUSDT
2025-09-30 00:02:58.809,114196.6,0.001,BTCUSDT
2025-09-30 00:02:58.809,114196.6,0.009,BTCUSDT
2025-09-30 00:02:58.809,114196.6,0.001,BTCUSDT
2025-09-30 00:02:58.810,114196.6,0.001,BTCUSDT
2025-09-30 00:02:58.810,114196.6,0.019,BTCUSDT
2025-09-30 00:02:58.812,114196.6,0.02,BTCUSDT
2025-09-30 00:02:58.817,114196.6,0.001,BTCUSDT
2025-09-30 00:02:58.817,114196.6,0.002,BTCUSDT
2025-09-30 00:02:59.193,114196.6,0.555,BTCUSDT
2025-09-30 00:02:59.419,114196.5,0.001,BTCUSDT
2025-09-30 00:02:59.700,114196.5,0.01,BTCUSDT
2025-09-30 00:02:59.878,114196.6,0.064,BTCUSDT
2025-09-30 00:03:00.038,114196.5,0.001,BTCUSDT
2025-09-30 00:03:00.038,114196.5,0.035,BTCUSDT
2025-09-30 00:03:00.341,114196.6,0.001,BTCUSDT
2025-09-30 00:03:00.693,114196.6,0.001,BTCUSDT
2025-09-30 00:03:00.751,114196.6,0.005,BTCUSDT
2025-09-30 00:03:01.253,114196.6,0.005,BTCUSDT
2025-09-30 00:03:01.314,114196.5,0.001,BTCUSDT
2025-09-30 00:03:01.314,114196.5,0.006,BTCUSDT
2025-09-30 00:03:01.314,114196.5,0.001,BTCUSDT
2025-09-30 00:03:01.314,114196.5,0.001,BTCUSDT
2025-09-30 00:03:01.314,114196.5,0.087,BTCUSDT
2025-09-30 00:03:01.314,114196.5,0.087,BTCUSDT
2025-09-30 00:03:01.314,114196.5,0.087,BTCUSDT
2025-09-30 00:03:01.314,114196.5,0.001,BTCUSDT
2025-09-30 00:03:01.314,114196.5,0.004,BTCUSDT
2025-09-30 00:03:01.314,114196.5,0.087,BTCUSDT
2025-09-30 00:03:01.315,114196.5,0.017,BTCUSDT
2025-09-30 00:03:01.315,114196.5,0.003,BTCUSDT
2025-09-30 00:03:01.315,114196.5,0.01,BTCUSDT
2025-09-30 00:03:01.315,114196.5,0.082,BTCUSDT
2025-09-30 00:03:01.315,114196.5,0.002,BTCUSDT
2025-09-30 00:03:01.315,114196.5,0.012,BTCUSDT
2025-09-30 00:03:01.315,114196.5,0.001,BTCUSDT
2025-09-30 00:03:01.315,114196.5,0.002,BTCUSDT
2025-09-30 00:03:01.315,114196.5,0.004,BTCUSDT
2025-09-30 00:03:01.315,114196.5,0.001,BTCUSDT
2025-09-30 00:03:01.315,114196.5,0.001,BTCUSDT
2025-09-30 00:03:01.315,114196.4,0.001,BTCUSDT
2025-09-30 00:03:01.315,114196.4,0.001,BTCUSDT
2025-09-30 00:03:01.315,114196.4,0.001,BTCUSDT
2025-09-30 00:03:01.315,114196.4,0.008,BTCUSDT
2025-09-30 00:03:01.315,114196.4,0.002,BTCUSDT
2025-09-30 00:03:01.315,114196.4,0.002,BTCUSDT
2025-09-30 00:03:01.315,114196.1,0.002,BTCUSDT
2025-09-30 00:03:01.315,114195.8,0.002,BTCUSDT
2025-09-30 00:03:01.315,114195.3,0.065,BTCUSDT
2025-09-30 00:03:01.315,114195.2,0.002,BTCUSDT
2025-09-30 00:03:01.315,114195.2,0.002,BTCUSDT
2025-09-30 00:03:01.315,114195.0,0.001,BTCUSDT
2025-09-30 00:03:01.315,114194.9,0.002,BTCUSDT
2025-09-30 00:03:01.315,114194.6,0.002,BTCUSDT
2025-09-30 00:03:01.315,114194.6,0.006,BTCUSDT
2025-09-30 00:03:01.315,114194.2,0.029,BTCUSDT
2025-09-30 00:03:01.315,114194.0,0.002,BTCUSDT
2025-09-30 00:03:01.315,114194.0,0.011,BTCUSDT
2025-09-30 00:03:01.315,114193.8,0.001,BTCUSDT
2025-09-30 00:03:01.315,114193.8,0.002,BTCUSDT
2025-09-30 00:03:01.315,114193.8,0.002,BTCUSDT
2025-09-30 00:03:01.315,114193.8,0.002,BTCUSDT
2025-09-30 00:03:01.315,114193.6,0.001,BTCUSDT
2025-09-30 00:03:01.315,114193.4,0.002,BTCUSDT
2025-09-30 00:03:01.315,114193.3,0.002,BTCUSDT
2025-09-30 00:03:01.315,114193.2,0.001,BTCUSDT
2025-09-30 00:03:01.315,114193.1,0.002,BTCUSDT
2025-09-30 00:03:01.315,114193.0,0.001,BTCUSDT
2025-09-30 00:03:01.315,114192.9,0.027,BTCUSDT
2025-09-30 00:03:01.315,114192.7,0.001,BTCUSDT
2025-09-30 00:03:01.315,114192.7,0.003,BTCUSDT
2025-09-30 00:03:01.337,114192.6,0.093,BTCUSDT
2025-09-30 00:03:01.337,114192.6,0.093,BTCUSDT
2025-09-30 00:03:01.414,114192.7,0.9,BTCUSDT
2025-09-30 00:03:01.414,114192.7,0.712,BTCUSDT
2025-09-30 00:03:01.414,114192.7,0.61,BTCUSDT
2025-09-30 00:03:01.414,114192.7,0.705,BTCUSDT
2025-09-30 00:03:01.414,114192.7,0.16,BTCUSDT
2025-09-30 00:03:01.414,114192.7,0.227,BTCUSDT
2025-09-30 00:03:01.415,114192.6,0.001,BTCUSDT
2025-09-30 00:03:01.415,114192.6,0.001,BTCUSDT
2025-09-30 00:03:01.415,114192.6,0.001,BTCUSDT
2025-09-30 00:03:01.415,114192.6,0.004,BTCUSDT
2025-09-30 00:03:01.415,114192.6,0.052,BTCUSDT
2025-09-30 00:03:01.415,114192.6,0.003,BTCUSDT
2025-09-30 00:03:01.415,114192.6,0.052,BTCUSDT
2025-09-30 00:03:01.415,114192.6,0.001,BTCUSDT
2025-09-30 00:03:01.415,114192.6,0.052,BTCUSDT
2025-09-30 00:03:01.415,114192.6,0.002,BTCUSDT
2025-09-30 00:03:01.415,114192.6,0.002,BTCUSDT
2025-09-30 00:03:01.415,114192.6,0.001,BTCUSDT
2025-09-30 00:03:01.415,114192.6,0.001,BTCUSDT
2025-09-30 00:03:01.743,114192.6,0.003,BTCUSDT
2025-09-30 00:03:01.862,114192.6,0.001,BTCUSDT
2025-09-30 00:03:02.236,114192.6,0.003,BTCUSDT
2025-09-30 00:03:02.662,114192.6,0.001,BTCUSDT
2025-09-30 00:03:02.662,114192.6,0.001,BTCUSDT
2025-09-30 00:03:02.727,114192.6,0.001,BTCUSDT
2025-09-30 00:03:02.727,114192.6,0.001,BTCUSDT
2025-09-30 00:03:02.752,114192.6,0.001,BTCUSDT
2025-09-30 00:03:02.766,114192.6,0.002,BTCUSDT
2025-09-30 00:03:02.837,114192.5,0.002,BTCUSDT
2025-09-30 00:03:02.837,114192.5,0.004,BTCUSDT
2025-09-30 00:03:02.844,114192.6,0.012,BTCUSDT
2025-09-30 00:03:02.895,114192.5,0.02,BTCUSDT
2025-09-30 00:03:02.940,114192.6,0.001,BTCUSDT
2025-09-30 00:03:03.020,114192.6,0.001,BTCUSDT
2025-09-30 00:03:03.033,114192.6,0.021,BTCUSDT
2025-09-30 00:03:03.033,114192.6,0.005,BTCUSDT
2025-09-30 00:03:03.033,114192.6,0.001,BTCUSDT
2025-09-30 00:03:03.033,114192.6,0.001,BTCUSDT
2025-09-30 00:03:03.033,114192.6,0.001,BTCUSDT
2025-09-30 00:03:03.033,114192.6,0.001,BTCUSDT
2025-09-30 00:03:03.033,114192.6,0.012,BTCUSDT
2025-09-30 00:03:03.034,114192.5,0.001,BTCUSDT
2025-09-30 00:03:03.220,114192.6,0.002,BTCUSDT
2025-09-30 00:03:03.398,114192.6,0.003,BTCUSDT
2025-09-30 00:03:03.491,114192.6,0.038,BTCUSDT
2025-09-30 00:03:03.527,114192.6,0.001,BTCUSDT
2025-09-30 00:03:03.804,114192.6,0.001,BTCUSDT
2025-09-30 00:03:03.872,114192.5,0.029,BTCUSDT
2025-09-30 00:03:03.940,114192.6,0.001,BTCUSDT
2025-09-30 00:03:03.997,114192.5,0.002,BTCUSDT
2025-09-30 00:03:04.328,114192.5,0.02,BTCUSDT
2025-09-30 00:03:04.373,114192.5,0.01,BTCUSDT
2025-09-30 00:03:04.521,114192.5,0.053,BTCUSDT
2025-09-30 00:03:04.986,114192.6,0.032,BTCUSDT
2025-09-30 00:03:04.986,114192.6,0.001,BTCUSDT
2025-09-30 00:03:04.986,114192.6,0.001,BTCUSDT
2025-09-30 00:03:04.986,114192.6,0.001,BTCUSDT
2025-09-30 00:03:04.986,114192.6,0.017,BTCUSDT
2025-09-30 00:03:04.986,114192.6,0.017,BTCUSDT
2025-09-30 00:03:05.008,114192.6,0.001,BTCUSDT
2025-09-30 00:03:05.092,114192.6,0.003,BTCUSDT
2025-09-30 00:03:05.092,114192.6,0.009,BTCUSDT
2025-09-30 00:03:05.092,114192.6,0.002,BTCUSDT
2025-09-30 00:03:05.092,114192.6,0.004,BTCUSDT
2025-09-30 00:03:05.092,114192.6,0.001,BTCUSDT
2025-09-30 00:03:05.092,114192.6,0.003,BTCUSDT
2025-09-30 00:03:05.092,114192.6,0.022,BTCUSDT
2025-09-30 00:03:05.564,114192.6,0.001,BTCUSDT
2025-09-30 00:03:05.839,114192.6,0.012,BTCUSDT
2025-09-30 00:03:05.941,114192.5,0.001,BTCUSDT
2025-09-30 00:03:06.008,114192.6,0.009,BTCUSDT
2025-09-30 00:03:06.052,114192.5,0.002,BTCUSDT
2025-09-30 00:03:06.192,114192.6,0.001,BTCUSDT
2025-09-30 00:03:06.192,114192.6,0.004,BTCUSDT
2025-09-30 00:03:06.192,114192.6,0.001,BTCUSDT
2025-09-30 00:03:06.192,114192.6,0.001,BTCUSDT
2025-09-30 00:03:06.192,114192.6,0.003,BTCUSDT
2025-09-30 00:03:06.192,114192.6,0.005,BTCUSDT
2025-09-30 00:03:06.192,114192.6,0.175,BTCUSDT
2025-09-30 00:03:06.192,114192.6,0.009,BTCUSDT
2025-09-30 00:03:06.192,114192.6,0.011,BTCUSDT
2025-09-30 00:03:06.192,114192.6,0.001,BTCUSDT
2025-09-30 00:03:06.192,114192.6,0.008,BTCUSDT
2025-09-30 00:03:06.192,114192.6,0.001,BTCUSDT
2025-09-30 00:03:06.192,114192.6,0.025,BTCUSDT
2025-09-30 00:03:06.192,114192.6,0.005,BTCUSDT
2025-09-30 00:03:06.192,114192.6,0.001,BTCUSDT
2025-09-30 00:03:06.192,114192.6,0.001,BTCUSDT
2025-09-30 00:03:06.192,114192.6,0.02,BTCUSDT
2025-09-30 00:03:06.192,114192.6,0.072,BTCUSDT
2025-09-30 00:03:06.192,114192.6,0.002,BTCUSDT
2025-09-30 00:03:06.192,114192.6,0.004,BTCUSDT
2025-09-30 00:03:06.192,114192.6,0.001,BTCUSDT
2025-09-30 00:03:06.192,114192.6,0.006,BTCUSDT
2025-09-30 00:03:06.192,114192.6,0.323,BTCUSDT
2025-09-30 00:03:06.192,114192.6,0.551,BTCUSDT
2025-09-30 00:03:06.196,114192.6,0.006,BTCUSDT
2025-09-30 00:03:06.196,114192.6,0.01,BTCUSDT
2025-09-30 00:03:06.196,114192.6,0.001,BTCUSDT
2025-09-30 00:03:06.196,114192.7,0.002,BTCUSDT
2025-09-30 00:03:06.196,114192.7,0.018,BTCUSDT
2025-09-30 00:03:06.196,114192.7,0.006,BTCUSDT
2025-09-30 00:03:06.196,114192.7,0.001,BTCUSDT
2025-09-30 00:03:06.196,114192.7,0.008,BTCUSDT
2025-09-30 00:03:06.196,114192.7,0.012,BTCUSDT
2025-09-30 00:03:06.196,114192.7,0.04,BTCUSDT
2025-09-30 00:03:06.196,114192.7,0.024,BTCUSDT
2025-09-30 00:03:06.196,114192.7,0.06,BTCUSDT
2025-09-30 00:03:06.196,114192.7,0.001,BTCUSDT
2025-09-30 00:03:06.390,114192.7,0.385,BTCUSDT
2025-09-30 00:03:06.398,114192.8,0.002,BTCUSDT
2025-09-30 00:03:06.398,114192.8,0.002,BTCUSDT
2025-09-30 00:03:06.398,114192.8,0.001,BTCUSDT
2025-09-30 00:03:06.398,114192.8,0.003,BTCUSDT
2025-09-30 00:03:06.398,114192.8,0.001,BTCUSDT
2025-09-30 00:03:06.398,114192.9,0.001,BTCUSDT
2025-09-30 00:03:06.398,114193.3,0.002,BTCUSDT
2025-09-30 00:03:06.398,114193.3,0.035,BTCUSDT
2025-09-30 00:03:06.398,114193.3,0.007,BTCUSDT
2025-09-30 00:03:06.398,114193.7,0.002,BTCUSDT
2025-09-30 00:03:06.398,114193.8,0.001,BTCUSDT
2025-09-30 00:03:06.398,114193.9,0.002,BTCUSDT
2025-09-30 00:03:06.398,114194.8,0.002,BTCUSDT
2025-09-30 00:03:06.400,114194.9,0.002,BTCUSDT
2025-09-30 00:03:06.400,114194.9,0.015,BTCUSDT
2025-09-30 00:03:06.400,114194.9,0.014,BTCUSDT
2025-09-30 00:03:06.401,114194.9,0.035,BTCUSDT
2025-09-30 00:03:06.402,114194.9,0.035,BTCUSDT
2025-09-30 00:03:06.403,114194.9,0.035,BTCUSDT
2025-09-30 00:03:06.433,114194.9,0.001,BTCUSDT
2025-09-30 00:03:06.433,114194.9,0.001,BTCUSDT
2025-09-30 00:03:06.433,114194.9,0.001,BTCUSDT
2025-09-30 00:03:06.433,114194.9,0.002,BTCUSDT
2025-09-30 00:03:06.433,114194.9,0.001,BTCUSDT
2025-09-30 00:03:06.433,114194.9,0.001,BTCUSDT
2025-09-30 00:03:06.433,114194.9,0.002,BTCUSDT
2025-09-30 00:03:06.730,114194.9,1.509,BTCUSDT
2025-09-30 00:03:06.893,114195.0,0.002,BTCUSDT
2025-09-30 00:03:06.893,114195.0,0.007,BTCUSDT
2025-09-30 00:03:07.208,114195.0,0.004,BTCUSDT
2025-09-30 00:03:07.311,114195.0,0.002,BTCUSDT
2025-09-30 00:03:07.326,114194.9,0.003,BTCUSDT
2025-09-30 00:03:07.531,114194.9,0.001,BTCUSDT
2025-09-30 00:03:07.879,114194.9,0.008,BTCUSDT
2025-09-30 00:03:08.019,114195.0,0.1,BTCUSDT
2025-09-30 00:03:08.298,114194.9,0.003,BTCUSDT
2025-09-30 00:03:08.577,114195.0,0.003,BTCUSDT
2025-09-30 00:03:09.456,114195.0,0.001,BTCUSDT
2025-09-30 00:03:09.466,114194.9,0.008,BTCUSDT
2025-09-30 00:03:09.466,114195.0,0.008,BTCUSDT
2025-09-30 00:03:09.659,114195.0,0.001,BTCUSDT
2025-09-30 00:03:09.659,114195.0,0.001,BTCUSDT
2025-09-30 00:03:09.659,114195.0,0.002,BTCUSDT
2025-09-30 00:03:09.659,114195.0,0.01,BTCUSDT
2025-09-30 00:03:09.757,114195.0,0.046,BTCUSDT
2025-09-30 00:03:10.365,114195.0,0.031,BTCUSDT
2025-09-30 00:03:10.365,114195.0,0.001,BTCUSDT
2025-09-30 00:03:10.365,114195.0,0.001,BTCUSDT
2025-09-30 00:03:10.365,114195.0,0.001,BTCUSDT
2025-09-30 00:03:10.365,114195.0,0.004,BTCUSDT
2025-09-30 00:03:10.789,114195.0,0.016,BTCUSDT
2025-09-30 00:03:10.790,114195.0,0.008,BTCUSDT
2025-09-30 00:03:10.790,114195.0,0.001,BTCUSDT
2025-09-30 00:03:10.790,114195.0,0.017,BTCUSDT
2025-09-30 00:03:10.793,114195.0,0.018,BTCUSDT
2025-09-30 00:03:10.793,114195.0,0.11,BTCUSDT
2025-09-30 00:03:10.793,114195.0,0.001,BTCUSDT
2025-09-30 00:03:10.793,114195.0,0.008,BTCUSDT
2025-09-30 00:03:10.793,114195.0,0.002,BTCUSDT
2025-09-30 00:03:10.793,114195.0,0.002,BTCUSDT
2025-09-30 00:03:10.793,114195.0,0.026,BTCUSDT
2025-09-30 00:03:10.793,114195.0,0.009,BTCUSDT
2025-09-30 00:03:10.793,114195.0,0.013,BTCUSDT
2025-09-30 00:03:10.793,114195.0,0.001,BTCUSDT
2025-09-30 00:03:10.794,114195.0,0.001,BTCUSDT
2025-09-30 00:03:10.794,114195.0,0.003,BTCUSDT
2025-09-30 00:03:10.794,114195.0,0.005,BTCUSDT
2025-09-30 00:03:10.794,114195.0,0.001,BTCUSDT
2025-09-30 00:03:10.794,114195.0,0.002,BTCUSDT
2025-09-30 00:03:10.796,114195.1,0.002,BTCUSDT
2025-09-30 00:03:10.796,114195.1,0.011,BTCUSDT
2025-09-30 00:03:10.796,114195.1,0.001,BTCUSDT
2025-09-30 00:03:10.796,114195.5,0.002,BTCUSDT
2025-09-30 00:03:10.796,114195.9,0.002,BTCUSDT
2025-09-30 00:03:10.796,114196.0,0.002,BTCUSDT
2025-09-30 00:03:10.796,114196.0,0.002,BTCUSDT
2025-09-30 00:03:10.796,114196.5,0.001,BTCUSDT
2025-09-30 00:03:10.796,114196.5,0.013,BTCUSDT
2025-09-30 00:03:10.894,114196.6,0.007,BTCUSDT
